@article{est15,
  author = {Elberfeld, Michael and Stockhusen, Christoph and Tantau, Till},
  title = {On the Space and Circuit Complexity of Parameterized Problems: Classes and Completeness},
  journal = {Algorithmica},
  year = 2014,
  volume = 71,
  number = 3,
  pages = {661--701},
  issn = {1432-0541},
  doi = {10.1007/s00453-014-9944-y}
}

% 2014: 39th International Symposium, MFCS 2014, Budapest, Hungary, August 25-29, 2014. Proceedings, Part I},
@inproceedings{cm14,
  author = {Chen, Yijia and Müller, Moritz},
  editor = {Csuhaj-Varjú, Erzsébet and Dietzfelbinger, Martin and Ésik, Zoltán},
  title = {Bounded Variable Logic, Parameterized Logarithmic Space, and Savitch's Theorem},
  booktitle = {Proceedings of the 39th International Symposium on Mathematical Foundations of Computer Science},
  location = {Budapest, Hungary},
  year = 2014,
  publisher = {Springer},
  address = {Berlin, Heidelberg},
  pages = {183--195},
  isbn = {978-3-662-44522-8},
  doi = {10.1007/978-3-662-44522-8_16}
}

@unpublished{ncpcp,
  author = {Jeffrey Finkelstein},
  title = {Restricted probabilistically checkable proofs},
  year = 2016,
  note = {Unpublished manuscript},
  url = {https://cs-people.bu.edu/jeffreyf/#ncpcp}
}

@unpublished{ncapproximation,
  author = {Jeffrey Finkelstein},
  title = {Highly parallel approximations for inherently sequential problems},
  year = 2016,
  note = {Unpublished manuscript},
  url = {https://cs-people.bu.edu/jeffreyf/#ncapproximation}
}

@inproceedings{kt93,
  author = {P. Kolaitis and M. N. Thakur},
  booktitle = {Proceedings of the Eighth Annual Structure in Complexity Theory Conference},
  title = {Polynomial-time Optimization, Parallel Approximation, and Fixpoint Logic},
  year = 1993,
  pages = {31--41},
  doi = {10.1109/SCT.1993.336543},
  month = 5
}
