@article{bst15,
  title = {Fast Parallel Fixed-Parameter Algorithms via Color Coding},
  author = {Max Bannach and Christoph Stockhusen and Till Tantau},
  journal = {arXiv},
  pubstate = {Preprint},
  url = {http://arxiv.org/abs/1509.06984},
  year = 2015
}

@article{ch85,
  author = {Stephen A. Cook and H. James Hoover},
  title = {A Depth-Universal Circuit},
  journal = {SIAM Journal on Computing},
  volume = 14,
  number = 4,
  pages = {833--839},
  year = 1985,
  doi = {10.1137/0214058}
}

@article{cc97lim,
  author = {Liming Cai and Jianer Chen},
  title = {On the Amount of Nondeterminism and the Power of Verifying},
  journal = {SIAM Journal on Computing},
  volume = 26,
  number = 3,
  pages = {733--750},
  year = 1997,
  doi = {10.1137/S0097539793258295}
}

@book{fg06,
  title = {Parameterized Complexity Theory},
  year = 2006,
  author = {Jörg Flum and Martin Grohe},
  doi = {10.1007/3-540-29953-X},
  isbn = {978-3-540-29952-3},
  series = {Texts in Theoretical Computer Science. An EATCS Series},
  publisher = {Springer Berlin Heidelberg}
}

@article{bklm01,
  author = {David Mix Barrington and Peter Kadau and Klaus-Jörn Lange and Pierre McKenzie},
  title = {On the Complexity of Some Problems on Groups Input as Multiplication Tables},
  journal = {Journal of Computer and System Sciences},
  volume = 63,
  number = 2,
  pages = {186--200},
  year = 2001,
  issn = {0022-0000},
  doi = {10.1006/jcss.2001.1764},
}

@inproceedings{cd98,
  author = {Cesati, Marco and Di Ianni, Miriam},
  editor = {Pritchard, David and Reeve, Jeff},
  title = {Parameterized Parallel Complexity},
  booktitle = {Proceedings of the Fourth International Euro-Par Conference},
  year = 1998,
  publisher = {Springer Berlin Heidelberg},
  pages = {892--896},
  isbn = {978-3-540-49920-6},
  doi = {10.1007/BFb0057945}
}

@misc{cesati06,
  title = {Compendium of Parameterized Problems},
  author = {Marco Cesati},
  year = 2006,
  month = sep,
  day = 15,
  url = {http://cesati.sprg.uniroma2.it/research/compendium/}
}

@article{fg03,
  title = {Describing parameterized complexity classes},
  journal = {Information and Computation},
  volume = 187,
  number = 2,
  pages = {291--319},
  year = 2003,
  issn = {0890-5401},
  doi = {10.1016/S0890-5401(03)00161-5},
  author = {Jörg Flum and Martin Grohe}
}

@article{cc97npo,
  title = {On Fixed-Parameter Tractability and Approximability of $\NP$ Optimization Problems},
  journal = {Journal of Computer and System Sciences},
  volume = 54,
  number = 3,
  pages = {465--474},
  year = 1997,
  issn = {0022-0000},
  doi = {10.1006/jcss.1997.1490},
  author = {Liming Cai and Jianer Chen}
}

@inproceedings{lv86,
  author = {Landau, G. M. and Vishkin, U.},
  title = {Introducing Efficient Parallelism into Approximate String Matching and a New Serial Algorithm},
  booktitle = {Proceedings of the Eighteenth Annual ACM Symposium on Theory of Computing},
  series = {STOC '86},
  year = 1986,
  isbn = {0-89791-193-8},
  location = {Berkeley, California, USA},
  pages = {220--230},
  doi = {10.1145/12130.12152},
  publisher = {ACM},
  address = {New York, NY, USA},
}

@article{nt16,
  title = {Describing Finite Groups by Short First-Order Sentences},
  author = {André Nies and Katrin Tent},
  journal = {arXiv},
  pubstate = {Preprint},
  url = {http://arxiv.org/abs/1409.8390},
  year = 2016
}

@article{est15,
  author = {Elberfeld, Michael and Stockhusen, Christoph and Tantau, Till},
  title = {On the Space and Circuit Complexity of Parameterized Problems: Classes and Completeness},
  journal = {Algorithmica},
  year = 2014,
  volume = 71,
  number = 3,
  pages = {661--701},
  issn = {1432-0541},
  doi = {10.1007/s00453-014-9944-y}
}


@article{fss84,
  author = {Furst, Merrick and Saxe, James B. and Sipser, Michael},
  title = {Parity, Circuits, and the Polynomial-Time Hierarchy},
  journal = {Mathematical Systems Theory},
  volume = 17,
  number = 1,
  year = 1984,
  pages = {13--27},
  issn = {1433-0490},
  doi = {10.1007/BF01744431}
}

@inproceedings{cm14,
  author = {Chen, Yijia and Müller, Moritz},
  editor = {Csuhaj-Varjú, Erzsébet and Dietzfelbinger, Martin and Ésik, Zoltán},
  title = {Bounded Variable Logic, Parameterized Logarithmic Space, and Savitch's Theorem},
  booktitle = {Proceedings of the 39th International Symposium on Mathematical Foundations of Computer Science},
  location = {Budapest, Hungary},
  year = 2014,
  publisher = {Springer},
  pages = {183--195},
  isbn = {978-3-662-44522-8},
  doi = {10.1007/978-3-662-44522-8_16}
}

@inproceedings{ks88,
  author = {Kirousis, Lefteris M. and Spirakis, Paul},
  editor = {Karlsson, Rolf and Lingas, Andrzej},
  title = {Probabilistic log-space reductions and problems probabilistically hard for P},
  booktitle = {Proceedings of the First Scandinavian Workshop on Algorithm Theory},
  year = 1988,
  publisher = {Springer},
  address = {Berlin, Heidelberg},
  pages = {163--175},
  isbn = {978-3-540-39288-0},
  doi = {10.1007/3-540-19487-8_19}
}


@article{adf95,
  author = {Karl A. Abrahamson and Rodney G. Downey and Michael R. Fellows},
  title = {Fixed-parameter tractability and completeness IV: On completeness for W[P] and PSPACE analogues},
  journal = {Annals of Pure and Applied Logic},
  volume = 73,
  number = 3,
  pages = {235--276},
  year = 1995,
  issn = {0168-0072},
  doi = {10.1016/0168-0072(94)00034-Z},
}

@article{bcgr92,
  author = {S. Buss and S. Cook and A. Gupta and V. Ramachandran},
  title = {An Optimal Parallel Algorithm for Formula Evaluation},
  journal = {SIAM Journal on Computing},
  volume = 21,
  number = 4,
  pages = {755--780},
  year = 1992,
  doi = {10.1137/0221046}
}

@inproceedings{spira71,
  author = {P.M. Spira},
  year = 1971,
  title = {On time-hardware complexity tradeoffs for Boolean functions},
  booktitle = {Proceedings of the Fourth Hawaii Symposium on System Sciences},
  pages = {525--527}
}

@article{bb94,
  title = {Size-depth tradeoffs for Boolean formulae},
  journal = {Information Processing Letters},
  volume = 49,
  number = 3,
  pages = {151--155},
  year = 1994,
  issn = {0020-0190},
  doi = {10.1016/0020-0190(94)90093-0},
  author = {Maria Luisa Bonet and Samuel R. Buss},
}

@inproceedings{lsh65,
  author = {P. M. Lewis and R. E. Stearns and J. Hartmanis},
  booktitle = {Sixth Annual Symposium on Switching Circuit Theory and Logical Design},
  venue = {Ann Arbory, Michigan, United States},
  title = {Memory bounds for recognition of context-free and context-sensitive languages},
  year = 1965,
  pages = {191--202},
  doi = {10.1109/FOCS.1965.14},
  month = 10
}

@inproceedings{df92,
  author = {R. G. Downey and M. R. Fellows},
  booktitle = {Proceedings of the Seventh Annual Structure in Complexity Theory Conference, 1992},
  title = {Fixed-Parameter Intractability},
  year = 1992,
  pages = {36--49},
  doi = {10.1109/SCT.1992.215379},
  month = jun,
}

@book{df13,
  author = {Rodney G. Downey and Michael R. Fellows},
  title = {Fundamentals of Parameterized Complexity},
  publisher = {Springer-Verlag London},
  isbn = {978-1-4471-5559-1},
  doi = {10.1007/978-1-4471-5559-1},
  year = 2013,
}

@article{hastad01,
 author = {Håstad, Johan},
 title = {Some Optimal Inapproximability Results},
 journal = {Journal of the ACM},
 volume = 48,
 number = 4,
 month = jul,
 year = 2001,
 issn = {0004-5411},
 pages = {798--859},
 doi = {10.1145/502090.502098},
}

@manual{gap,
  organization = {The GAP~Group},
  title = {GAP --- Groups, Algorithms, and Programming, Version 4.8.6},
  year = 2016,
  url = {http://www.gap-system.org},
}

@article{ccdf95,
  title = {On the Structure of Parameterized Problems in NP},
  journal = {Information and Computation},
  volume = 123,
  number = 1,
  pages = {38--49},
  year = 1995,
  issn = {0890-5401},
  doi = {10.1006/inco.1995.1156},
  author = {L.M. Cai and J. Chen and R. Downey and M. Fellows},
}
