@article{tantau07,
  author    = {Till Tantau},
  title     = {{Logspace Optimization Problems and Their Approximability
               Properties}},
  journal   = {Theory of Computing Systems},
  volume    = {41},
  number    = {2},
  year      = {2007},
  pages     = {327--350},
  doi       = {10.1007/s00224-007-2011-1},
}

@inproceedings{sx95,
  author = {Serna, Maria and Xhafa, Fatos},
  title = {On Parallel versus Sequential Approximation},
  booktitle = {Proceedings of the Third Annual European Symposium on Algorithms},
  series = {Lecture Notes in Computer Science},
  editor = {Spirakis, Paul},
  publisher = {Springer Berlin / Heidelberg},
  isbn = {978-3-540-60313-9},
  pages = {409--419},
  volume = 979,
  doi = {10.1007/3-540-60313-1_159},
  year = 1995
}

@incollection{ckst95,
  author = {Crescenzi, P. and Kann, V. and Silvestri, R. and Trevisan, L.},
  title = {{Structure in Approximation Classes}},
  booktitle = {Computing and Combinatorics},
  series = {Lecture Notes in Computer Science},
  editor = {Du, Ding-Zhu and Li, Ming},
  publisher = {Springer Berlin / Heidelberg},
  isbn = {978-3-540-60216-3},
  pages = {539--548},
  volume = 959,
  doi = {10.1007/BFb0030875},
  year = 1995
}

@book{dsst97,
  author = {D{\'i}az, J. and Serna, M. and Spirakis, P. and Tor{\'a}n, J.},
  isbn = {9780521117920},
  title = {Paradigms for fast parallel approximability},
  series = {Cambridge International Series on Parallel Computation},
  publisher = {Cambridge University Press},
  year = {1997}
}

@misc{compendium,
  author = {Pierluigi Crescenzi and Viggo Kann},
  title = {{A compendium of \NP{} optimization problems}},
  url = {http://www.nada.kth.se/~viggo/problemlist/}
}

@techreport{mayr88,
  author = {Mayr, Ernst W.},
  title = {{Parallel Approximation Algorithms}},
  year = {1988},
  publisher = {Stanford University},
  institution = {Stanford University, Department of Computer Science},
  address = {Stanford, CA, USA},
}

@book{acgkmp99,
  title={Complexity and Approximation: Combinatorial Optimization Problems and Their Approximability Properties},
  author={Giorgio Ausiello and Pierluigi Crescenzi and Giorgio Gambosi and Viggo Kann and Alberto Marchetti-Spaccamela and Marco Protasi},
  isbn={9783540654315},
  year={1999},
  publisher={Springer}
}

@article{cp91,
  author = {Pierluigi Crescenzi and Alessandro Panconesi},
  title = {Completeness in Approximation Classes},
  journal = {Information and Computation},
  volume = 93,
  number = 2,
  pages = {241--262},
  year = 1991,
  issn = {0890-5401},
  doi = {10.1016/0890-5401(91)90025-W},
}

@book{cks01,
  title = {{Complexity Classifications of Boolean Constraint Satisfaction Problems}},
  author = {Creignou, N. and Khanna, S. and Sudan, M.},
  isbn = {9780898714791},
  series = {SIAM Monographs on Discrete Mathematics and Applications},
  year = {2001},
  publisher = {Society for Industrial and Applied Mathematics}
}

@inproceedings{km96,
  author = {Sanjeev Khanna and Rajeev Motwani},
  title = {{Towards a Syntactic Characterization of PTAS}},
  booktitle = {In Proceedings of the 28th ACM Symposium on Theory of Computing},
  year = {1996},
  pages = {329--337}
}

@inproceedings{crescenzi97,
  author = {Crescenzi, P.},
  title = {A Short Guide To Approximation Preserving Reductions},
  booktitle = {Proceedings of the 12th Annual IEEE Conference on Computational Complexity},
  year = 1997,
  isbn = {0-8186-7907-7},
  pages = {262--273},
  url = {http://dl.acm.org/citation.cfm?id=791230.792302},
  publisher = {IEEE Computer Society},
  address = {Washington, DC, USA},
}

@article{ep10,
  title = "A survey on the structure of approximation classes",
  journal = "Computer Science Review",
  volume = "4",
  number = "1",
  pages = "19--40",
  year = "2010",
  issn = "1574-0137",
  doi = "10.1016/j.cosrev.2009.11.001",
  author = "Bruno Escoffier and Vangelis Th. Paschos"
}

@book{ghr95,
  author = {Raymond Greenlaw and H. James Hoover and Walter L. Ruzzo},
  title = {{Limits to Parallel Computation: P-completeness Theory}},
  year = 1995,
  publisher = {Oxford University Press},
  address = {New York},
  isbn = {978-0195085914},
}

@incollection{bep06,
  author = {Bazgan, Cristina and Escoffier, Bruno and Paschos, Vangelis},
  affiliation = {LAMSADE, Université Paris-Dauphine, Place du Maréchal De Lattre de Tassigny, 75775 Paris Cedex 16, France},
  title = {{Poly-APX- and PTAS-Completeness in Standard and Differential Approximation}},
  booktitle = {Algorithms and Computation},
  series = {Lecture Notes in Computer Science},
  editor = {Fleischer, Rudolf and Trippen, Gerhard},
  publisher = {Springer Berlin / Heidelberg},
  isbn = {978-3-540-24131-7},
  keyword = {Computer Science},
  pages = {729--735},
  volume = {3341},
  doi = {10.1007/978-3-540-30551-4_13},
  year = {2005}
}

@incollection{ss89,
  author = {Serna, Maria and Spirakis, Paul},
  affiliation = {Polytechnic University of Catalonia Barcelona Spain Barcelona Spain},
  title = {{The approximability of problems complete for P}},
  booktitle = {Optimal Algorithms},
  series = {Lecture Notes in Computer Science},
  editor = {Djidjev, Hristo},
  publisher = {Springer Berlin / Heidelberg},
  isbn = {978-3-540-51859-4},
  keyword = {Computer Science},
  pages = {193--204},
  volume = {401},
  doi = {10.1007/3-540-51859-2_16},
  year = {1989}
}

@article{pcp,
  author = {Arora, Sanjeev and Lund, Carsten and Motwani, Rajeev and Sudan, Madhu and Szegedy, Mario},
  title = {Proof verification and the hardness of approximation problems},
  journal = {Journal of the ACM},
  volume = {45},
  number = {3},
  month = may,
  year = {1998},
  issn = {0004-5411},
  pages = {501--555},
  numpages = {55},
  doi = {10.1145/278298.278306},
  acmid = {278306},
  publisher = {ACM},
  address = {New York, NY, USA},
  keywords = {NP-completeness, optimization, proof verification, randomness},
}

@article{py91,
  title = "Optimization, approximation, and complexity classes",
  journal = "Journal of Computer and System Sciences",
  volume = "43",
  number = "3",
  pages = "425--440",
  year = "1991",
  issn = "0022-0000",
  doi = "10.1016/0022-0000(91)90023-X",
  author = "Christos H. Papadimitriou and Mihalis Yannakakis"
}

@book{immerman99,
  title={Descriptive Complexity},
  author={Immerman, N.},
  isbn={9780387986005},
  series={Graduate Texts in Computer Science},
  year={1999},
  publisher={Springer}
}

@article{sw92,
  title={{Approximating the minimum-cost maximum flow is P-complete}},
  author={Stein, Clifford and Wein, Joel},
  journal={Information processing letters},
  volume={42},
  number={6},
  pages={315--319},
  year={1992},
  publisher={Elsevier}
}

@incollection{kl88,
  year={1988},
  isbn={978-3-540-19487-3},
  booktitle={SWAT 88},
  volume={318},
  series={Lecture Notes in Computer Science},
  editor={Karlsson, Rolf and Lingas, Andrzej},
  doi={10.1007/3-540-19487-8_19},
  title={Probabilistic log-space reductions and problems probabilistically hard for p},
  publisher={Springer Berlin Heidelberg},
  author={Kirousis, Lefteris M. and Spirakis, Paul},
  pages={163-175}
}


@techreport{am84,
  author = {Anderson, Richard and Mayr, Ernst W.},
  title = {{A P-complete problem and approximations to it}},
  year = {1984},
  month = {sep},
  institution = {Stanford University, Department of Computer Science},
  address = {Stanford, CA, USA},
}

@article{serna91,
  title = {{Approximating linear programming is log-space complete for P}},
  journal = {Information Processing Letters},
  volume = 37,
  number = 4,
  pages = {233--236},
  year = 1991,
  issn = "0020-0190",
  doi = "10.1016/0020-0190(91)90194-M",
  author = "Maria Serna"
}

@article{kks91,
  title = "The complexity of the reliable connectivity problem",
  journal = "Information Processing Letters",
  volume = 39,
  number = 5,
  pages = {245--252},
  year = 1991,
  issn = "0020-0190",
  doi = "10.1016/0020-0190(91)90023-B",
  author = "Dimitris Kavadias and Lefteris M. Kirousis and Paul Spirakis",
}

@article{tx98,
  author = {Trevisan, Luca and Xhafa, Fatos},
  title = {The Parallel Complexity of Positive Linear Programming},
  journal = {Parallel Processing Letters},
  volume = 8,
  number = 4,
  pages = {527-533},
  year = 1998,
  doi = {10.1142/S0129626498000511},
}

@techreport{om87,
  author = {Pekka Orponen and Heikki Mannila},
  title = {On approximation preserving reductions: Complete problems and robust measures},
  institution = {Department of Computer Science, University of Helsinki},
  location = {Helsinki, Finland},
  year = 1987
}

@article{ct00,
  author = {Crescenzi, P. and Trevisan, L.},
  title = {On Approximation Scheme Preserving Reducibility and Its Applications},
  journal = {Theory of Computing Systems},
  year = 2000,
  volume = 33,
  number = 1,
  pages = {1--16},
  issn = {1433-0490},
  doi = {10.1007/s002249910001},
}

@article{khachian79,
  title = {A polynomial time algorithm for linear programming},
  author = {L. G. Khachian},
  journal = {Doklady Akadmii Nauk SSSR, n.s.},
  volume = 244,
  number = 5,
  pages = {1093--1096},
  year = 1979
}

@inproceedings{ln93,
 author = {Luby, Michael and Nisan, Noam},
 title = {A Parallel Approximation Algorithm for Positive Linear Programming},
 booktitle = {Proceedings of the 25th Annual ACM Symposium on Theory of Computing},
 %series = {STOC '93},
 year = 1993,
 isbn = {0-89791-591-7},
 location = {San Diego, California, USA},
 pages = {448--457},
 doi = {10.1145/167088.167211},
 publisher = {ACM},
}

@article{sx02,
  author = {Maria Serna and Fatos Xhafa},
  title = {The Parallel Approximability of the False and True Gates Problems for NOR-Circuits},
  month = {March},
  year = 2002,
  journal = {Parallel Processing Letters},
  editor = {Paul Spirakis},
  volume = 12,
  number = 1,
  pages = {127--136},
  issn = 01296264,
  doi = {10.1142/S0129626402000872},
}

@article{trevisan00,
  year=2000,
  issn={0178-4617},
  journal={Algorithmica},
  volume=27,
  number=2,
  doi={10.1007/s004530010007},
  title={Erratum: A Correction to \lq{Parallel Approximation Algorithms by Positive Linear Programming}\rq},
  author={Trevisan, Luca},
  pages={115--119},
}

@article{efraimidis08,
title = {{The complexity of linear programming in $(\gamma, \kappa)$-form}},
journal = "Information Processing Letters",
volume = 105,
number = 5,
pages = {199--201},
year = 2008,
issn = "0020-0190",
doi = "10.1016/j.ipl.2007.08.025",
author = "Pavlos S. Efraimidis",
}

@incollection{es00,
%year={2000},
isbn={978-3-540-67956-1},
booktitle={Euro-Par 2000 Parallel Processing},
volume={1900},
series={Lecture Notes in Computer Science},
editor={Bode, Arndt and Ludwig, Thomas and Karl, Wolfgang and Wismüller, Roland},
doi={10.1007/3-540-44520-X_60},
title={Positive Linear Programming Extensions: Parallel Complexity and Applications},
publisher={Springer Berlin Heidelberg},
author={Efraimidis, PavlosS. and Spirakis, PaulG.},
pages={456--460},
}

@article{ladner75,
 author = {Ladner, Richard E.},
 title = {{The Circuit Value Problem is Log Space Complete for P}},
 journal = {SIGACT News},
 volume = 7,
 number = 1,
 month = jan,
 year = 1975,
 issn = {0163-5700},
 pages = {18--20},
 doi = {10.1145/990518.990519},
}

@article{cfs91,
title = {{A note on the approximation of the MAX CLIQUE problem}},
journal = "Information Processing Letters",
volume = 40,
number = 1,
pages = {{1--5}},
year = 1991,
issn = "0020-0190",
doi = "10.1016/S0020-0190(05)80002-X",
author = "P. Crescenzi and C. Fiorini and R. Silvestri",
}

@book{gj79,
  title={Computers and intractability},
  author={Garey, Michael R and Johnson, David S},
  volume={174},
  year={1979},
  publisher={Freeman, New York},
  isbn = {978-0716710455},
}

@article{ckst99,
  title={Structure in approximation classes},
  author={Crescenzi, Pierluigi and Kann, Viggo and Silvestri, Riccardo and Trevisan, linebreak Luca},
  journal={SIAM Journal on Computing},
  volume={28},
  number={5},
  pages={1759--1782},
  year={1999},
}

@techreport{es99,
  title = {{Fast Parallel Approximations to Positive Linear Programs with a small number of constraint violations}},
  author = {Efraimidis, Pavlos S. and Spirakis, Paul G.},
  institution = {Computer Technology Institute, Department of Computer Engineering and Informatics, University of Patras},
  year = 1999
}

@article{bbr04,
  author = {Bartal, Y. and Byers, J. and Raz, D.},
  title = {{Fast, Distributed Approximation Algorithms for Positive Linear Programming with Applications to Flow Control}},
  journal = {SIAM Journal on Computing},
  volume = {33},
  number = {6},
  pages = {1261--1279},
  year = {2004},
  doi = {10.1137/S0097539700379383},
}

@inproceedings{kt93,
  author = {P. Kolaitis and M. N. Thakur},
  booktitle = {Proceedings of the Eighth Annual Structure in Complexity Theory Conference},
  title = {Polynomial-time optimization, parallel approximation, and fixpoint logic},
  year = 1993,
  pages = {31--41},
  doi={10.1109/SCT.1993.336543},
  month = may,
}

@misc{haney13,
  author = {Samuel Haney},
  year = 2013,
  howpublished = {Personal communication},
}

@article{hmrrrs98,
  title = {NC-Approximation Schemes for NP- and PSPACE-Hard Problems for Geometric Graphs},
  journal = {Journal of Algorithms},
  volume = 26,
  number = 2,
  pages = {238--274},
  year = 1998,
  issn = {0196-6774},
  doi = {10.1006/jagm.1997.0903},
  author = {Harry B Hunt and Madhav V Marathe and Venkatesh Radhakrishnan and S.S Ravi and Daniel J Rosenkrantz and Richard E Stearns},
}

@article{johnson74,
  title = {Approximation Algorithms for Combinatorial Problems},
  journal = {Journal of Computer and System Sciences},
  volume = 9,
  number = 3,
  pages = {256--278},
  year = 1974,
  issn = {0022-0000},
  doi = {10.1016/S0022-0000(74)80044-9},
  author = {David S. Johnson},
}

@article{adp81,
  title = {Lattice theoretic ordering properties for NP-complete optimization problems},
  author = {G. Ausiello and A. D'Atri and Marco Protasi},
  journal = {Annales Societatis Mathematicae Polonae},
  number = 4,
  pages = {83--96},
  year = 1981,
}
