@article{dinur07,
 author = {Dinur, Irit},
 title = {The PCP theorem by gap amplification},
 journal = {Journal of the ACM},
 volume = 54,
 number = 3,
 month = jun,
 year = 2007,
 issn = {0004-5411},
 doi = {10.1145/1236457.1236459},
}

@article{wolf94,
  title = {Nondeterministic circuits, space complexity and quasigroups},
  journal = {Theoretical Computer Science},
  volume = 125,
  number = 2,
  pages = {295--313},
  year = 1994,
  issn = {0304-3975},
  doi = {10.1016/0304-3975(92)00014-I},
  author = {Marty J. Wolf}
}

@book{savage98,
 author = {Savage, John E.},
 title = {Models of Computation: Exploring the Power of Computing},
 year = 1997,
 isbn = 0201895390,
 edition = 1,
 publisher = {Addison-Wesley Longman Publishing Co., Inc.},
 address = {Boston, MA, USA},
}

@book{ab09,
  author = {Sanjeev Arora and Boaz Barak},
  title = {{Computational Complexity: A Modern Approach}},
  year = 2009,
  isbn = 0521424267,
  publisher = {Cambridge University Press},
  edition = 1,
}

@incollection{fs96,
 year=1996,
 isbn={978-3-540-61550-7},
 booktitle={Mathematical Foundations of Computer Science 1996},
 volume=1113,
 series={Lecture Notes in Computer Science},
 editor={{Penczek, Wojciech and Sza\l{}as, Andrzej}},
 doi={10.1007/3-540-61550-4_162},
 title={(poly(log log n), poly(log log n))--Restricted Verifiers are Unlikely to Exist for Languages in NP},
 publisher={Springer Berlin Heidelberg},
 author={Fotakis, Dimitris and Spirakis, Paul},
 pages={360--371}
}

@inproceedings{aks87,
  title = {Deterministic simulation in LOGSPACE},
  author = {Ajtai, M. and Koml{\'o}s, J. and Szemer{\'e}di, E.},
  booktitle = {Proceedings of the Nineteenth Annual ACM Symposium on Theory of Computing},
  pages = {132--140},
  year = 1987,
  organization = {ACM}
}

@inproceedings{gg79,
  title={Explicit constructions of linear size superconcentrators},
  author={Gabber, O. and Galil, Z.},
  booktitle={IEEE Symposium on Foundations of Computer Science},
  volume=20,
  year=1979
}

@inproceedings{bg94,
  title={Downward separation fails catastrophically for limited nondeterminism classes},
  author={Beigel, R. and Goldsmith, J.},
  booktitle={Proceedings of the Ninth Annual Structure in Complexity Theory Conference},
  year = 1994,
  pages={134--138},
  organization={IEEE}
}

@article{ruzzo81,
  title = "On uniform circuit complexity",
  journal = "Journal of Computer and System Sciences",
  volume = 22,
  number = 3,
  pages = {365--383},
  year = 1981,
  issn = "0022-0000",
  doi = "10.1016/0022-0000(81)90038-6",
  author = "Walter L. Ruzzo"
}

@inproceedings{buss87,
  author = {Buss, Samuel R.},
  title = {The Boolean Formula Value Problem is in ALOGTIME},
  booktitle = {Proceedings of the Nineteenth Annual ACM Symposium on Theory of Computing},
  %series = {STOC '87},
  year = 1987,
  isbn = {0-89791-221-7},
  location = {New York, New York, USA},
  pages = {123--131},
  doi = {10.1145/28395.28409},
  publisher = {ACM},
}

@article{dt90,
  year=1990,
  issn={0025-5661},
  journal={Mathematical Systems Theory},
  volume=23,
  number=1,
  doi={10.1007/BF02090764},
  title={Classes of bounded nondeterminism},
  author={{D\'{i}az, Josep and Tor\'{a}n, Jacobo}},
  pages={21--32},
}

%% corollary 5 shows that the NC hierarchy has the upward collapse property
@inproceedings{wilson89,
  author={Wilson, C.B.},
  booktitle={Structure in Complexity Theory Conference, 1989. Proceedings., Fourth Annual},
  title={{Decomposing NC and AC}},
  year=1989,
  month={June},
  pages={124--131},
  doi={10.1109/SCT.1989.41818},
}

@article{kf80,
  author = {Kintala, C. and Fischer, P.},
  title = {{Refining Nondeterminism in Relativized Polynomial-Time Bounded Computations}},
  journal = {SIAM Journal on Computing},
  volume = 9,
  number = 1,
  pages = {46--53},
  year = 1980,
  doi = {10.1137/0209003},
  eprint = {http://epubs.siam.org/doi/pdf/10.1137/0209003}
}

@inproceedings{almss92,
  author={Arora, S. and Lund, C. and Motwani, R. and Sudan, M. and Mario Szegedy},
  booktitle={Proceedings of the 33rd Annual Symposium on Foundations of Computer Science},
  title={Proof verification and hardness of approximation problems},
  year=1992,
  month={oct},
  pages={14--23},
  doi={10.1109/SFCS.1992.267823},
}

@article{as98,
  author = {Arora, Sanjeev and Safra, Shmuel},
  title = {Probabilistic Checking of Proofs: A New Characterization of NP},
  journal = {Journal of the ACM},
  volume = 45,
  number = 1,
  month = jan,
  year = 1998,
  issn = {0004-5411},
  pages = {70--122},
  doi = {10.1145/273865.273901},
}

@inproceedings{fglss91,
  title={{Approximating clique is almost NP-complete}},
  author={Feige, U. and Goldwasser, S. and Lovasz, L. and Safra, S. and Szegedy, M.},
  booktitle={Proceedings of the 32nd Annual Symposium on Foundations of Computer Science},
  pages={2--12},
  year=1991,
  doi = {10.1109/SFCS.1991.185341},
  organization={IEEE}
}

@inproceedings{rvw00,
  title={Entropy waves, the zig-zag graph product, and new constant-degree expanders and extractors},
  author={Reingold, Omer and Vadhan, Salil and Wigderson, Avi},
  booktitle={Proceedings of the 41st Annual Symposium on Foundations of Computer Science},
  pages={3--13},
  year=2000,
  isbn = {0-7695-0850-2},
  doi = {10.1109/SFCS.2000.892006},
  organization={IEEE}
}

@inproceedings{bcgt13,
 author = {Ben-Sasson, Eli and Chiesa, Alessandro and Genkin, Daniel and Tromer, Eran},
 title = {On the Concrete Efficiency of Probabilistically-checkable Proofs},
 booktitle = {Proceedings of the 45th Annual ACM Symposium on Theory of Computing},
 %series = {STOC '13},
 year = 2013,
 location = {Palo Alto, California, USA},
 pages = {585--594},
 doi = {10.1145/2488608.2488681},
 publisher = {ACM},
 keywords = {PCPs, low-degree tests, reed-solomon code},
} 

@inproceedings{smbw12,
  title={Making argument systems for outsourced computation practical (sometimes)},
  author={Setty, Srinath and McPherson, Richard and Blumberg, Andrew J and Walfish, Michael},
  booktitle={Proceedings of the 19th Annual Network and Distributed System Security Symposium},
  year=2012
}

@inproceedings{trmp12,
  author = {Justin Thaler and Mike Roberts and Michael Mitzenmacher and Hanspeter Pfister},
  title = {Verifiable Computation with Massively Parallel Interactive Proofs},
  booktitle = {Proceedings of the Fourth USENIX Workshop on Hot Topics in Cloud Computing},
  %url = {https://www.usenix.org/conference/hotcloud12/verifiable-computation-massively-parallel-interactive-proofs},
  publisher = {USENIX},
  address = {Berkeley, CA},
  month = jun,
  year = 2012,
}

@inproceedings{gkr08,
 author = {Goldwasser, Shafi and Kalai, Yael Tauman and Rothblum, Guy N.},
 title = {Delegating Computation: Interactive Proofs for Muggles},
 booktitle = {Proceedings of the 40th Annual ACM Symposium on Theory of Computing},
 %series = {STOC '08},
 year = 2008,
 isbn = {978-1-60558-047-0},
 location = {Victoria, British Columbia, Canada},
 pages = {113--122},
 doi = {10.1145/1374376.1374396},
 publisher = {ACM},
}

@inproceedings{svpbbw12,
  author = {Srinath Setty and Victor Vu and Nikhil Panpalia and Benjamin Braun and Andrew J. Blumberg and Michael Walfish},
  title = {Taking Proof-Based Verified Computation a Few Steps Closer to Practicality},
  booktitle = {Proceedings of the 21st USENIX Security Symposium},
  year = 2012,
  isbn = {978-1-931971-95-9},
  address = {Bellevue, WA},
  pages = {253--268},
  % url = {https://www.usenix.org/conference/usenixsecurity12/technical-sessions/presentation/setty},
  publisher = {USENIX},
}

@inproceedings{meir09,
  title = {Combinatorial PCPs with efficient verifiers},
  author = {Meir, Or},
  booktitle = {Proceedings of the 50th Annual IEEE Symposium on Foundations of Computer Science},
  pages = {463--471},
  year = 2009,
  isbn = {978-1-4244-5116-6},
  doi = {10.1109/FOCS.2009.10},
  organization={IEEE}
}

@article{ep06,
  author = {Escoffier, Bruno and Paschos, Vangelis Th.},
  title = {{Completeness in approximation classes beyond APX}},
  journal = {Theoretical Computer Science},
  volume = 359,
  number = 1,
  month = aug,
  year = 2006,
  issn = {0304-3975},
  pages = {369--377},
  doi = {10.1016/j.tcs.2006.05.023},
  publisher = {Elsevier Science Publishers Ltd.},
  address = {Essex, UK},
}

@article{kmsv98,
  author = {Sanjeev Khanna and Rajeev Motwani and Madhu Sudan and Umesh Vazirani},
  title = {On Syntactic versus Computational Views of Approximability},
  journal = {SIAM Journal on Computing},
  volume = 28,
  number = 1,
  pages = {164--191},
  year = 1998,
  doi = {10.1137/S0097539795286612},
}

@article{trevisan98,
  author = {Trevisan, Luca},
  title = {Parallel Approximation Algorithms by Positive Linear Programming},
  journal = {Algorithmica},
  issn = {0178-4617},
  pages = {72--88},
  volume = 21,
  number = 1,
  doi = {10.1007/PL00009209},
  year = 1998
}

@article{book76,
	title = {Translational lemmas, polynomial time, and $(\log n)^j$-space},
	volume = 1,
	issn = 03043975,
	doi = {10.1016/0304-3975(76)90057-8},
	number = 3,
	journal = {{Theoretical Computer Science}},
	author = {Book, Ronald V.},
	month = feb,
	year = 1976,
	pages = {{215--226}},
}

@incollection{johnson90,
  author = {David S. Johnson},
  title = {A Catalog of Complexity Classes},
  booktitle = {Algorithms and Complexity},
  publisher = {Elsevier},
  year = 1990,
  editor = {Jan van Leeuwen},
  volume = {A},
  series = {Handbook of Theoretical Computer Science},
  chapter = 2,
  pages = {68--161},
  isbn = 0444880712
}

@article{bg93,
  author = {Jonathan F. Buss and Judy Goldsmith},
  title = {Nondeterminism within P},
  journal = {SIAM Journal on Computing},
  volume = 22,
  number = 3,
  pages = {560--572},
  year = 1993,
  doi = {10.1137/0222038}
}
